<marcxml:record xmlns:marcxml="http://www.loc.gov/MARC21/slim" xmlns:idx="info:lc/xq-modules/lcindex" xmlns:madsrdf="http://www.loc.gov/mads/rdf/v1#" xmlns:ri="http://id.loc.gov/ontologies/RecordInfo#" xmlns:xlink="http://www.w3.org/1999/xlink" xmlns:rdf="http://www.w3.org/1999/02/22-rdf-syntax-ns#" xmlns:mets="http://www.loc.gov/METS/" xmlns:semtriples="http://marklogic.com/semantic" xmlns:xsi="http://www.w3.org/2001/XMLSchema-instance" xmlns:streams="info:lc/streams#">
            <marcxml:leader>00759nz  a2200193n  4500</marcxml:leader>
            <marcxml:controlfield tag="001">sh95000951</marcxml:controlfield>
            <marcxml:controlfield tag="003">DLC</marcxml:controlfield>
            <marcxml:controlfield tag="005">19970603141418.9</marcxml:controlfield>
            <marcxml:controlfield tag="008">950207|| anannbab|          |a ana |||  </marcxml:controlfield>
            <marcxml:datafield tag="010" ind1=" " ind2=" ">
              <marcxml:subfield code="a">sh 95000951 </marcxml:subfield>
            </marcxml:datafield>
            <marcxml:datafield tag="040" ind1=" " ind2=" ">
              <marcxml:subfield code="a">DLC</marcxml:subfield>
              <marcxml:subfield code="c">DLC</marcxml:subfield>
              <marcxml:subfield code="d">DLC</marcxml:subfield>
            </marcxml:datafield>
            <marcxml:datafield tag="110" ind1="2" ind2="0">
              <marcxml:subfield code="a">Temple of Fortuna (Rome, Italy)</marcxml:subfield>
            </marcxml:datafield>
            <marcxml:datafield tag="410" ind1="2" ind2="0">
              <marcxml:subfield code="a">Fortuna, Temple of (Rome, Italy)</marcxml:subfield>
            </marcxml:datafield>
            <marcxml:datafield tag="551" ind1=" " ind2="0">
              <marcxml:subfield code="w">g</marcxml:subfield>
              <marcxml:subfield code="a">Italy</marcxml:subfield>
              <marcxml:subfield code="x">Antiquities</marcxml:subfield>
            </marcxml:datafield>
            <marcxml:datafield tag="550" ind1=" " ind2="0">
              <marcxml:subfield code="w">g</marcxml:subfield>
              <marcxml:subfield code="a">Temples</marcxml:subfield>
              <marcxml:subfield code="z">Italy</marcxml:subfield>
            </marcxml:datafield>
            <marcxml:datafield tag="670" ind1=" " ind2=" ">
              <marcxml:subfield code="a">Work cat.: 91-186412: Il viver quotidiano in Roma arcaica, 1989</marcxml:subfield>
              <marcxml:subfield code="b">(Templi della Fortuna e della Mater Matuta ...)</marcxml:subfield>
            </marcxml:datafield>
            <marcxml:datafield tag="670" ind1=" " ind2=" ">
              <marcxml:subfield code="a">Princeton encyc. classic. sites:</marcxml:subfield>
              <marcxml:subfield code="b">p. 768 (twin temples of Fortuna and Mater Matuta ...)</marcxml:subfield>
            </marcxml:datafield>
            <marcxml:datafield tag="670" ind1=" " ind2=" ">
              <marcxml:subfield code="a">Coarelli, F. Guia archeologica di Roma, 1970:</marcxml:subfield>
              <marcxml:subfield code="b">p. 278ff (i templi di Fortuna e Mater Matuta ...)</marcxml:subfield>
            </marcxml:datafield>
            <marcxml:datafield tag="675" ind1=" " ind2=" ">
              <marcxml:subfield code="a">Nagel's Italy, 1987</marcxml:subfield>
            </marcxml:datafield>
          </marcxml:record>
